%% This BibTeX bibliography file was created using BibDesk.
%% http://bibdesk.sourceforge.net/


%% Created for allans at 2011-05-16 10:34:59 +0200 


%% Saved with string encoding Unicode (UTF-8) 



@webpage{temperature,
	Date-Added = {2011-05-16 10:31:21 +0200},
	Date-Modified = {2011-05-16 10:34:27 +0200},
	Keywords = {Temperature Sensing},
	Lastchecked = {16/05/2011},
	Month = {05},
	Url = {http://www.sensirion.com/en/pdf/product_information/Datasheet-humidity-sensor-SHT1x.pdf},
	Year = {2011}}
