%% This BibTeX bibliography file was created using BibDesk.
%% http://bibdesk.sourceforge.net/


%% Created for mogensen at 2011-05-27 10:16:14 +0200 


%% Saved with string encoding Unicode (UTF-8) 



@webpage{telosbAPI,
	Date-Added = {2011-05-27 10:14:26 +0200},
	Date-Modified = {2011-05-27 10:16:13 +0200},
	Keywords = {tinyos, telosb, api},
	Lastchecked = {27-05-2011},
	Month = {Aug},
	Url = {http://www.tinyos.net/tinyos-2.x/doc/nesdoc/telosb/ihtml/},
	Year = {2008}}

@misc{temperature,
	Author = {Sensirion},
	Date = {16/05/2011},
	Howpublished = {\url{http://www.sensirion.com/en/pdf/product_information/Datasheet-humidity-sensor-SHT1x.pdf}},
	Keywords = {Temperature Sensing},
	Month = {05},
	Note = {[Online; accessed 16-May-2011]},
	Title = {{Temperature Datasheet}},
	Year = {2011}}
